@Article{ltm,
    title = {ltm: An R package for Latent Variable Modelling and Item Response Theory Analyses},
    author = {Dimitris Rizopoulos},
    journal = {Journal of Statistical Software},
    year = {2006},
    volume = {17},
    number = {5},
    pages = {1--25},
    url = {https://doi.org/10.18637/jss.v017.i05},
  }

 @Article{mirt,
    title = {{mirt}: A Multidimensional Item Response Theory Package for the {R} Environment},
    author = {R. Philip Chalmers},
    journal = {Journal of Statistical Software},
    year = {2012},
    volume = {48},
    number = {6},
    pages = {1--29},
    doi = {10.18637/jss.v048.i06},
  }

 @Manual{r,
    title = {R: A Language and Environment for Statistical Computing},
    author = {{R Core Team}},
    organization = {R Foundation for Statistical Computing},
    address = {Vienna, Austria},
    year = {2022},
    url = {https://www.R-project.org/},
  }

@book{baker2001,
  title={The basics of item response theory},
  author={Baker, Frank B},
  year={2001},
  publisher={ERIC}
}

@book{pasquali2003,
	Address = {Petropolis, RJ},
	Author = {Luiz Pasquali},
	Publisher = {Editora Vozes},
	Title = {Psicometria: teoria dos testes na psicologia e na educa{\c c}{\~a}o},
	Year = {2003}}

@book{pasquali2018,
	Address = {Curitiba, PR},
	Author = {Luiz Pasquali},
	Publisher = {Appris editora},
	Title = {TRI, Procedimentos e aplica{\c c}{\~a}es},
	Year = {2018}}

@article{de2000teoria,
		  title={Teoria da Resposta ao Item: conceitos e aplica{\c{c}}{\~o}es},
		  author={de Andrade, Dalton Francisco and Tavares, Heliton Ribeiro and da Cunha Valle, Raquel},
		  journal={ABE, Sao Paulo},
		  year={2000}
		}


@article{silva2019,
	  title={Aplica{\c{c}}{\~a}o do modelo de reposta nominal da TRI a avalia{\c{c}}{\~a}o educacional de larga escala},
	  author={da Silva, Andr{\'e} Felipe Zilio and de Andrade, Dalton Francisco and Borgatto, Adriano Ferreti and Nakamura, Luiz Ricardo},
	  journal={Sigmae},
	  volume={8},
	  number={2},
	  pages={735--741},
	  year={2019}
}


@article{rodrigues2006proposta,
	  title={Proposta de an{\'a}lise de itens das provas do Saeb sob a perspectiva pedag{\'o}gica ea psicom{\'e}trica},
	  author={Rodrigues, Margarida MM},
	  journal={Est. aval. educ},
	  pages={43--78},
	  year={2006}
}

@inproceedings{freitas2005,
  title={A avalia{\c{c}}{\~a}o da confiabilidade de question{\'a}rios: uma an{\'a}lise utilizando o coeficiente alfa de Cronbach},
  author={Freitas, Andr{\'e} Lu{\'\i}s Policani and Rodrigues, Sidilene Gon{\c{c}}alves},
  booktitle={Simp{\'o}sio de Engenharia de produ{\c{c}}{\~a}o},
  volume={12},
  number={2005},
  pages={07--09},
  year={2005}
}

@article{pasquali2003fundamentos,
  title={Fundamentos da teoria da resposta ao item: TRI},
  author={Pasquali, Luiz and Primi, Ricardo},
  journal={Avalia{\c{c}}{\~a}o Psicol{\'o}gica: Interamerican Journal of Psychological Assessment},
  volume={2},
  number={2},
  pages={99--110},
  year={2003},
  publisher={Instituto Brasileiro de Avalia{\c{c}}{\~a}o Psicol{\'o}gica (IBAP)}
}


@article{BORGATTO2012,
   title = {An{\'a}lise cl{\'a}ssica de testes com diferentes graus de dificuldade},
   journal = {Estudos em Avalia{\c{c}}{\~a}o Educacional},
   author={Borgatto, Adriano Ferreti AND Andrade, Dalton Francisco de},
   ISSN = {0103-6831},
   language = {pt},
   volume = {23},
   year = {2012},
   month = {08},
   pages = {146 - 156},
   publisher = {scielo}
   }


@book{pasquali1996,
  title={Teoria e M{\'e}todo de Medida em Ci{\^e}ncias do Comportamento },
  Address = {Bras{\'i}lia,DF},
  author={Luiz Pasquali},
  year={1996},
  publisher={INEP}
}

@book{lord1980,
  title={Applications of item response theory to practical testing problems},
  author={Lord, Frederic M.},
  year={1980},
  publisher={Lawrence Erlbaum Associates}
}

@article{rasch1960,
  title={Probabilistic models for some intelligence and attainment tests.},
  author={Rasch, George},
  journal={Copenhagen, Denmark: Danish Institute for Educational Research},
  year={1960}
}


@article{valle2001,
  title={A constru{\c{c}}{\~a}o e interpreta{\c{c}}{\~a}o das escalas de conhecimento: considera{\c{c}}{\~o}es gerais e uma vis{\~a}o do que vem sendo feito no Saresp},
  author={da Cunha Valle, Raquel},
  journal={Estudos em Avalia{\c{c}}{\~a}o Educacional},
  number={23},
  pages={71--92},
  year={2001}
}

@article{bock1970,
  title={Fitting a response model for n dichotomously scored items},
  author={Darrell Bock, R and Lieberman, Marcus},
  journal={Psychometrika},
  volume={35},
  number={2},
  pages={179--197},
  year={1970},
  publisher={Springer}
}


@article{mislevy1986,
  title={Bayes modal estimation in item response models},
  author={Mislevy, Robert J},
  journal={Psychometrika},
  volume={51},
  pages={177--195},
  year={1986},
  publisher={Springer}
}


@article{andrade2010uso,
  title={O uso da teoria de resposta ao item em avalia{\c{c}}{\~o}es educacionais: diretrizes para pesquisadores},
  author={de Andrade, Josemberg Moura and Laros, Jacob Arie and Gouveia, Valdiney Veloso},
  journal={Avalia{\c{c}}{\~a}o Psicol{\'o}gica},
  volume={9},
  number={3},
  pages={421--435},
  year={2010},
  publisher={Instituto Brasileiro de Avalia{\c{c}}{\~a}o Psicol{\'o}gica}
}



@article{souza2017,
  title={Propriedades psicom{\'e}tricas na avalia{\c{c}}{\~a}o de instrumentos: avalia{\c{c}}{\~a}o da confiabilidade e da validade},
  author={Souza, Ana Cl{\'a}udia de and Alexandre, Neusa Maria Costa and Guirardello, Edin{\^e}is de Brito},
  journal={Epidemiologia e servi{\c{c}}os de sa{\'u}de},
  volume={26},
  pages={649--659},
  year={2017},
  publisher={SciELO Brasil}
}


@article{raftery2006estimating,
  title={Estimating the integrated likelihood via posterior simulation using the harmonic mean identity},
  author={Raftery, Adrian E and Newton, Michael A and Satagopan, Jaya M and Krivitsky, Pavel N},
  year={2006},
  publisher={bepress}
}

@article{inep2021,
  title={Entenda a sua nota no Enem: guia do participante.},
  author={INEP, Instituto Nacional de Estudos e Pesquisas Educacionais},
  Address = {Bras{\'i}lia,DF},
  year={2021},
  publisher={INEP}
}

@article{inep2021procedimento,
  title={Exame Nacional do Ensino Médio: Procedimentos de Análises.},
  author={INEP, Instituto Nacional de Estudos e Pesquisas Educacionais},
  Address = {Bras{\'i}lia,DF},
  year={2021},
  publisher={INEP}
}

@article{raftery2006,
  title={Estimating the integrated likelihood via posterior simulation using the harmonic mean identity},
  author={Raftery, Adrian E and Newton, Michael A and Satagopan, Jaya M and Krivitsky, Pavel N},
  year={2006},
  publisher={bepress}
}

@article{birnbaum1968,
  title={Some latent trait models and their use in inferring an examinee's ability},
  author={Birnbaum, Allan},
  journal={Statistical theories of mental test scores},
  year={1968},
  publisher={Addison-Wesley}
}


@article{maydeu2014assessing,
  title={Assessing approximate fit in categorical data analysis},
  author={Maydeu-Olivares, Alberto and Joe, Harry},
  journal={Multivariate Behavioral Research},
  volume={49},
  number={4},
  pages={305--328},
  year={2014},
  publisher={Taylor \& Francis}
}

@article{cai2013limited,
  title={Limited-information goodness-of-fit testing of hierarchical item factor models},
  author={Cai, Li and Hansen, Mark},
  journal={British Journal of Mathematical and Statistical Psychology},
  volume={66},
  number={2},
  pages={245--276},
  year={2013},
  publisher={Wiley Online Library}
}


@article{maydeu2006limited,
  title={Limited information goodness-of-fit testing in multidimensional contingency tables},
  author={Maydeu-Olivares, Albert and Joe, Harry},
  journal={Psychometrika},
  volume={71},
  number={4},
  pages={713--732},
  year={2006},
  publisher={Springer}
}

@article{maydeu2005limited,
  title={Limited-and full-information estimation and goodness-of-fit testing in 2 n contingency tables: A unified framework},
  author={Maydeu-Olivares, Albert and Joe, Harry},
  journal={Journal of the American Statistical Association},
  volume={100},
  number={471},
  pages={1009--1020},
  year={2005},
  publisher={Taylor \& Francis}
}

@article{de1983consideraccoes,
  title={Considera{\c{c}}{\~o}es sobre o {\'\i}ndice de discrimina{\c{c}}{\~a}o de itens em testes educacionais},
  author={de Andrade, Fernando Lang},
  journal={Educa{\c{c}}{\~a}o e Sele{\c{c}}{\~a}o},
  number={07},
  pages={54--58},
  year={1983}
}

@misc{inephistorico,
    title = {Exame Nacional do Ensino Médio (Enem) - Histórico},
    url = {https://www.gov.br/inep/pt-br/areas-de-atuacao/avaliacao-e-exames-educacionais/enem/historico},
    author = {INEP, INSTITUTO NACIONAL DE ESTUDOS E PESQUISAS EDUCACIONAIS ANÍSIO
TEIXEIRA},
    year = {2020},
    note = {Acesso em: 09 mai. 2024.}
}

@book{hair2009multivariada,
  title={An{\'a}lise multivariada de dados},
  author={Hair, Joseph F and Black, William C and Babin, Barry J and Anderson, Rolph E and Tatham, Ronald L},
  year={2009},
  publisher={Bookman editora}
}

@article{boruchovitch2017dark,
  title={Dark Triad Dirty Dozen: Avaliando seus Par{\^a}metros Via TRI},
  author={Boruchovitch, Evely},
  journal={Psico-USF},
  volume={22},
  number={2},
  pages={33},
  year={2017},
  publisher={Universidade S{\~a}o Francisco}
}


@book{kline2016principles,
  title={Principles and practice of structural equation modeling},
  author={Kline, Rex B},
  year={2016},
  publisher={Guilford publications}
}

@book{timothy2015,
  title={Confirmatory factor analysis for applied research},
  author={Brown, Timothy A},
  year={2015},
  publisher={Guilford publications}
}

@article{rabelo2013,
  title={Avalia{\c{c}}{\~a}o educacional: fundamentos, metodologia e aplica{\c{c}}{\~o}es no contexto brasileiro},
  author={Rabelo, Mauro},
  journal={Rio de janeiro: SBM},
  volume={29},
  pages={30--31},
  year={2013}
}

@book{ayala2013theory,
  title={The theory and practice of item response theory},
  author={Ayala, Rafael Jaime De},
  year={2013},
  publisher={Guilford Publications}
}

@manual{mirt2024,
  title = {mirt: Multidimensional Item Response Theory},
  author = {Phil Chalmers},
  year = {2024},
  note = {R package version 1.42},
  url = {https://cran.r-project.org/web/packages/mirt/mirt.pdf},
  note = {Acesso em: 15 set. 2024.}
}


@book{hambleton1991,
  title={Fundamentals of item response theory},
  author={Hambleton, Ronald K},
  year={1991},
  publisher={Sage}
}

@article{cai2010high,
  title={High-dimensional exploratory item factor analysis by a Metropolis--Hastings Robbins--Monro algorithm},
  author={Cai, Li},
  journal={Psychometrika},
  volume={75},
  pages={33--57},
  year={2010},
  publisher={Springer}
}

@article{bock1981,
  title={Marginal maximum likelihood estimation of item parameters: Application of an EM algorithm},
  author={Bock, R Darrell and Aitkin, Murray},
  journal={Psychometrika},
  volume={46},
  number={4},
  pages={443--459},
  year={1981},
  publisher={Springer}
}

@article{dempster1977,
  title={Maximum likelihood from incomplete data via the EM algorithm},
  author={Dempster, Arthur P and Laird, Nan M and Rubin, Donald B},
  journal={Journal of the royal statistical society: series B (methodological)},
  volume={39},
  number={1},
  pages={1--22},
  year={1977},
  publisher={Wiley Online Library}
}

@book{casella2010inferencia,
  title={Infer{\^e}ncia Estat{\'\i}stica},
  author={Casella, G. and Berger, R.L.},
  isbn={9788522108947},
  year={2010},
  publisher={CENGAGE DO BRASIL}
}

